<?xml version="1.0" encoding="UTF-8"?>
<record>
  <leader>02223cam#a2200589#c#4500</leader>
  <controlfield tag="005">20230113134900.0</controlfield>
  <controlfield tag="007">tu</controlfield>
  <controlfield tag="008">210507|2021####gw############|||#|#ger#c</controlfield>
  <controlfield tag="003">DE-605</controlfield>
  <controlfield tag="001">99370771475306441</controlfield>
  <datafield tag="020" ind1=" " ind2=" ">
    <subfield code="a">9783534405251</subfield>
    <subfield code="c">Festeinband : EUR 34.00 (DE)</subfield>
    <subfield code="9">978-3-534-40525-1</subfield>
  </datafield>
  <datafield tag="020" ind1=" " ind2=" ">
    <subfield code="a">3534405250</subfield>
    <subfield code="9">3-534-40525-0</subfield>
  </datafield>
  <datafield tag="024" ind1="3" ind2=" ">
    <subfield code="a">9783534405251</subfield>
  </datafield>
  <datafield tag="035" ind1=" " ind2=" ">
    <subfield code="a">(DE-605)HT020919504</subfield>
  </datafield>
  <datafield tag="040" ind1=" " ind2=" ">
    <subfield code="a">DE-605</subfield>
    <subfield code="b">ger</subfield>
    <subfield code="c">HBZ/BA</subfield>
    <subfield code="d">361</subfield>
    <subfield code="e">rda</subfield>
    <subfield code="d">DE-605</subfield>
  </datafield>
  <datafield tag="041" ind1=" " ind2=" ">
    <subfield code="a">ger</subfield>
  </datafield>
  <datafield tag="044" ind1=" " ind2=" ">
    <subfield code="c">XA-DE</subfield>
  </datafield>
  <datafield tag="100" ind1="1" ind2=" ">
    <subfield code="a">Siegrist, Johannes</subfield>
    <subfield code="d">1943-</subfield>
    <subfield code="0">(DE-588)123688957</subfield>
    <subfield code="4">aut</subfield>
    <subfield code="0">https://portal.dnb.de/opac.htm?method=simpleSearch&amp;cqlMode=true&amp;query=idn=123688957</subfield>
    <subfield code="0">http://viaf.org/viaf/sourceID/DNB|123688957</subfield>
    <subfield code="B">GND-123688957</subfield>
  </datafield>
  <datafield tag="245" ind1="1" ind2="0">
    <subfield code="a">Gesundheit für alle?</subfield>
    <subfield code="b">die Herausforderung sozialer Ungleichheit</subfield>
    <subfield code="c">Johannes Siegrist</subfield>
  </datafield>
  <datafield tag="264" ind1=" " ind2="1">
    <subfield code="a">Darmstadt</subfield>
    <subfield code="b">wbg Academic</subfield>
    <subfield code="c">[2021]</subfield>
  </datafield>
  <datafield tag="264" ind1=" " ind2="4">
    <subfield code="c">© 2021</subfield>
  </datafield>
  <datafield tag="300" ind1=" " ind2=" ">
    <subfield code="a">267 Seiten</subfield>
    <subfield code="b">Diagramme</subfield>
    <subfield code="c">210 mm.</subfield>
  </datafield>
  <datafield tag="336" ind1=" " ind2=" ">
    <subfield code="b">txt</subfield>
  </datafield>
  <datafield tag="337" ind1=" " ind2=" ">
    <subfield code="b">n</subfield>
  </datafield>
  <datafield tag="338" ind1=" " ind2=" ">
    <subfield code="b">nc</subfield>
  </datafield>
  <datafield tag="689" ind1="0" ind2="0">
    <subfield code="a">Soziale Ungleichheit</subfield>
    <subfield code="D">s</subfield>
    <subfield code="0">(DE-588)4055736-4</subfield>
    <subfield code="0">https://portal.dnb.de/opac.htm?method=simpleSearch&amp;cqlMode=true&amp;query=idn=040557367</subfield>
    <subfield code="0">http://viaf.org/viaf/sourceID/DNB|040557367</subfield>
    <subfield code="B">GND-040557367</subfield>
  </datafield>
  <datafield tag="689" ind1="0" ind2="1">
    <subfield code="a">Gesundheit</subfield>
    <subfield code="D">s</subfield>
    <subfield code="0">(DE-588)4020754-7</subfield>
    <subfield code="0">https://portal.dnb.de/opac.htm?method=simpleSearch&amp;cqlMode=true&amp;query=idn=040207544</subfield>
    <subfield code="0">http://viaf.org/viaf/sourceID/DNB|040207544</subfield>
    <subfield code="B">GND-040207544</subfield>
  </datafield>
  <datafield tag="689" ind1="0" ind2="2">
    <subfield code="a">Teilhabe</subfield>
    <subfield code="D">s</subfield>
    <subfield code="0">(DE-588)4134681-6</subfield>
    <subfield code="0">https://portal.dnb.de/opac.htm?method=simpleSearch&amp;cqlMode=true&amp;query=idn=041346815</subfield>
    <subfield code="0">http://viaf.org/viaf/sourceID/DNB|041346815</subfield>
    <subfield code="B">GND-041346815</subfield>
  </datafield>
  <datafield tag="689" ind1="0" ind2="3">
    <subfield code="a">Gesundheitswesen</subfield>
    <subfield code="D">s</subfield>
    <subfield code="0">(DE-588)4020775-4</subfield>
    <subfield code="0">https://portal.dnb.de/opac.htm?method=simpleSearch&amp;cqlMode=true&amp;query=idn=040207757</subfield>
    <subfield code="0">http://viaf.org/viaf/sourceID/DNB|040207757</subfield>
    <subfield code="B">GND-040207757</subfield>
  </datafield>
  <datafield tag="689" ind1="0" ind2="4">
    <subfield code="a">Gesundheitspolitik</subfield>
    <subfield code="D">s</subfield>
    <subfield code="0">(DE-588)4113743-7</subfield>
    <subfield code="0">https://portal.dnb.de/opac.htm?method=simpleSearch&amp;cqlMode=true&amp;query=idn=041137434</subfield>
    <subfield code="0">http://viaf.org/viaf/sourceID/DNB|041137434</subfield>
    <subfield code="B">GND-041137434</subfield>
  </datafield>
  <datafield tag="689" ind1="0" ind2="5">
    <subfield code="a">Sozialer Friede</subfield>
    <subfield code="D">s</subfield>
    <subfield code="0">(DE-588)4181939-1</subfield>
    <subfield code="0">https://portal.dnb.de/opac.htm?method=simpleSearch&amp;cqlMode=true&amp;query=idn=04181939X</subfield>
    <subfield code="0">http://viaf.org/viaf/sourceID/DNB|04181939X</subfield>
    <subfield code="B">GND-04181939X</subfield>
  </datafield>
  <datafield tag="035" ind1=" " ind2=" ">
    <subfield code="a">(ELiSA)ELiSA-9783534405251</subfield>
  </datafield>
  <datafield tag="035" ind1=" " ind2=" ">
    <subfield code="a">(DE-599)HBZHT020919504</subfield>
  </datafield>
  <datafield tag="964" ind1="0" ind2="s">
    <subfield code="F">051</subfield>
    <subfield code="A">m|||||||</subfield>
  </datafield>
  <datafield tag="964" ind1="0" ind2="i">
    <subfield code="I">marc-FMT via MAB2MARC</subfield>
    <subfield code="F">FMT</subfield>
    <subfield code="A">BK</subfield>
  </datafield>
  <datafield tag="964" ind1="0" ind2="s">
    <subfield code="F">030</subfield>
    <subfield code="A">a|||r||||||17</subfield>
  </datafield>
  <datafield tag="964" ind1="0" ind2="s">
    <subfield code="F">050</subfield>
    <subfield code="A">a|||||||||||||</subfield>
  </datafield>
  <datafield tag="856" ind1="4" ind2="2">
    <subfield code="m">B:DE-101</subfield>
    <subfield code="q">application/pdf</subfield>
    <subfield code="u">http://digitale-objekte.hbz-nrw.de/storage2/2021/11/04/file_7/9085597.pdf</subfield>
    <subfield code="3">Inhaltsverzeichnis</subfield>
    <subfield code="9">O:PKN</subfield>
  </datafield>
  <datafield tag="776" ind1="0" ind2="8">
    <subfield code="i">Erscheint auch als</subfield>
    <subfield code="n">Online-Ausgabe (PDF)</subfield>
    <subfield code="a">Siegrist, Johannes, 1943-</subfield>
    <subfield code="t">Gesundheit für alle?</subfield>
    <subfield code="z">9783534405275</subfield>
    <subfield code="w">(DE-605)HT021301025</subfield>
    <subfield code="9">978-3-534-40527-5</subfield>
  </datafield>
  <datafield tag="776" ind1="0" ind2="8">
    <subfield code="i">Erscheint auch als</subfield>
    <subfield code="n">Online-Ausgabe (epub)</subfield>
    <subfield code="z">9783405268</subfield>
    <subfield code="9">978-3-40526-8</subfield>
  </datafield>
  <datafield tag="650" ind1=" " ind2="4">
    <subfield code="a">Altern</subfield>
  </datafield>
  <datafield tag="650" ind1=" " ind2="4">
    <subfield code="a">Berufliche Stellung</subfield>
  </datafield>
  <datafield tag="650" ind1=" " ind2="4">
    <subfield code="a">Bildung</subfield>
  </datafield>
  <datafield tag="650" ind1=" " ind2="4">
    <subfield code="a">Einkommensungleichheit</subfield>
  </datafield>
  <datafield tag="650" ind1=" " ind2="4">
    <subfield code="a">Gesundheit</subfield>
  </datafield>
  <datafield tag="650" ind1=" " ind2="4">
    <subfield code="a">Gesundheitspolitik</subfield>
  </datafield>
  <datafield tag="650" ind1=" " ind2="4">
    <subfield code="a">Krankheit</subfield>
  </datafield>
  <datafield tag="650" ind1=" " ind2="4">
    <subfield code="a">Soziale Benachteiligung</subfield>
  </datafield>
  <datafield tag="650" ind1=" " ind2="4">
    <subfield code="a">Soziale Gerechtigkeit</subfield>
  </datafield>
  <datafield tag="653" ind1=" " ind2=" ">
    <subfield code="a">Soziale Ungleichheit, Armut, Rassismus</subfield>
  </datafield>
  <datafield tag="653" ind1=" " ind2=" ">
    <subfield code="a">Gesundheitssoziologie, Medizinsoziologie</subfield>
  </datafield>
  <datafield tag="653" ind1=" " ind2=" ">
    <subfield code="a">Wirtschaftssoziologie, Arbeitssoziologie, Organisationssoziologie</subfield>
  </datafield>
  <datafield tag="500" ind1=" " ind2=" ">
    <subfield code="a">Literaturverzeichnis: Seite 215-248</subfield>
  </datafield>
  <datafield tag="MBD" ind1=" " ind2=" ">
    <subfield code="M">49HBZ_NETWORK</subfield>
    <subfield code="i">99370771475306441</subfield>
    <subfield code="n">HBZ Network</subfield>
  </datafield>
  <datafield tag="MBD" ind1=" " ind2=" ">
    <subfield code="M">49HBZ_FDO</subfield>
    <subfield code="i">991002819589706451</subfield>
    <subfield code="n">Fachhochschule Dortmund</subfield>
  </datafield>
  <datafield tag="MBD" ind1=" " ind2=" ">
    <subfield code="M">49HBZ_HBI</subfield>
    <subfield code="i">991000400389706450</subfield>
    <subfield code="n">Hochschule Bielefeld</subfield>
  </datafield>
  <datafield tag="MBD" ind1=" " ind2=" ">
    <subfield code="M">49HBZ_BRIDGE_HWG</subfield>
    <subfield code="i">9925476007824</subfield>
    <subfield code="n">Hochschule für Wirtschaft und Gesellschaft Ludwigshafen,  Bibliothek</subfield>
  </datafield>
  <datafield tag="MBD" ind1=" " ind2=" ">
    <subfield code="M">49HBZ_ULB</subfield>
    <subfield code="i">991001275449706467</subfield>
    <subfield code="n">Universitaet Bonn</subfield>
  </datafield>
  <datafield tag="MBD" ind1=" " ind2=" ">
    <subfield code="M">49HBZ_BIE</subfield>
    <subfield code="i">991025972840406442</subfield>
    <subfield code="n">Universität Bielefeld</subfield>
  </datafield>
  <datafield tag="MBD" ind1=" " ind2=" ">
    <subfield code="M">49HBZ_UDE</subfield>
    <subfield code="i">99206805419506446</subfield>
    <subfield code="n">Universität Duisburg-Essen</subfield>
  </datafield>
  <datafield tag="MBD" ind1=" " ind2=" ">
    <subfield code="M">49HBZ_ULM</subfield>
    <subfield code="i">991032169219706449</subfield>
    <subfield code="n">Universität Münster</subfield>
  </datafield>
  <datafield tag="MBD" ind1=" " ind2=" ">
    <subfield code="M">49HBZ_ZBM</subfield>
    <subfield code="i">991009278829706472</subfield>
    <subfield code="n">ZB MED</subfield>
  </datafield>
  <datafield tag="MNG" ind1=" " ind2=" ">
    <subfield code="c">System</subfield>
    <subfield code="f">HBZ</subfield>
    <subfield code="i">marc21</subfield>
    <subfield code="h">20230113134900.0</subfield>
    <subfield code="k">01</subfield>
    <subfield code="e">false</subfield>
    <subfield code="d">2023-04-06 08:44:30 Europe/Berlin</subfield>
    <subfield code="g">HT020919504</subfield>
    <subfield code="j">60</subfield>
    <subfield code="a">System</subfield>
    <subfield code="b">2021-05-07 17:01:13 Europe/Berlin</subfield>
  </datafield>
  <datafield tag="H52" ind1="8" ind2=" ">
    <subfield code="b">EFS</subfield>
    <subfield code="c">EFS_Haupt</subfield>
    <subfield code="h">ORU 105</subfield>
    <subfield code="8">2246845860006451</subfield>
  </datafield>
  <datafield tag="HOL" ind1=" " ind2=" ">
    <subfield code="b">2022-07-19 14:14:17</subfield>
    <subfield code="8">2246845860006451</subfield>
    <subfield code="M">49HBZ_FDO</subfield>
    <subfield code="g">false</subfield>
    <subfield code="a">import</subfield>
  </datafield>
  <datafield tag="ITM" ind1=" " ind2=" ">
    <subfield code="H">2246845860006451</subfield>
    <subfield code="x">EFS_Haupt</subfield>
    <subfield code="f">BOOK</subfield>
    <subfield code="v">EFS_Haupt</subfield>
    <subfield code="p">ZZZ</subfield>
    <subfield code="X">System</subfield>
    <subfield code="U">2022-07-19 12:59:00 Europe/Berlin</subfield>
    <subfield code="Y">2022-07-19 16:14:44 Europe/Berlin</subfield>
    <subfield code="h">false</subfield>
    <subfield code="n">ORU 105</subfield>
    <subfield code="G">1</subfield>
    <subfield code="M">49HBZ_FDO</subfield>
    <subfield code="s">1</subfield>
    <subfield code="d">8</subfield>
    <subfield code="V">import</subfield>
    <subfield code="L">SISIS-Ausleihzähler 2022: 0 | SISIS-Ausleihzähler 2021: 4 | SISIS-Ausleihzähler 2020: 0 | Gesamtausleihen SISIS: 4 | SISIS-Vormerkzähler 2022: 0</subfield>
    <subfield code="b">91083416</subfield>
    <subfield code="N">SISIS-letzte Rückgabe: 2022-03-10 | SISIS-vorletzte Rückgabe: 2021-12-07 | FL-Konditionen: 0 | HT-Nummer des Titelsatzes: HT020919504 | SISIS-Aufnahmedatum: 2021-07-13</subfield>
    <subfield code="a">2346845850006451</subfield>
    <subfield code="c">ORU 105</subfield>
    <subfield code="B">202108-813</subfield>
    <subfield code="W">2022-07-19 16:14:17 Europe/Berlin</subfield>
    <subfield code="u">EFS</subfield>
    <subfield code="w">EFS</subfield>
  </datafield>
  <datafield tag="H52" ind1="8" ind2=" ">
    <subfield code="b">40</subfield>
    <subfield code="c">CB_FreiE-1</subfield>
    <subfield code="h"> ODR Sieg </subfield>
    <subfield code="8">2224469390006450</subfield>
  </datafield>
  <datafield tag="HOL" ind1=" " ind2=" ">
    <subfield code="d">2022-08-01 07:09:49</subfield>
    <subfield code="8">2224469390006450</subfield>
    <subfield code="b">2022-08-01 07:09:44</subfield>
    <subfield code="M">49HBZ_HBI</subfield>
    <subfield code="g">false</subfield>
    <subfield code="a">System</subfield>
    <subfield code="c">System</subfield>
  </datafield>
  <datafield tag="ITM" ind1=" " ind2=" ">
    <subfield code="H">2224469390006450</subfield>
    <subfield code="x">CB_FreiE-1</subfield>
    <subfield code="f">BOOK</subfield>
    <subfield code="v">CB_FreiE-1</subfield>
    <subfield code="p">ZZZ</subfield>
    <subfield code="X">System</subfield>
    <subfield code="U">2022-07-12 12:59:00 Europe/Berlin</subfield>
    <subfield code="Y">2022-08-01 09:09:52 Europe/Berlin</subfield>
    <subfield code="h">false</subfield>
    <subfield code="G">1</subfield>
    <subfield code="M">49HBZ_HBI</subfield>
    <subfield code="s">1</subfield>
    <subfield code="d">8</subfield>
    <subfield code="V">import</subfield>
    <subfield code="L">Systematik: 0 | HBZ01: HT020919504 | Keine Beilagen: 1</subfield>
    <subfield code="b">211231</subfield>
    <subfield code="O">SISIS Ausleihen insgesamt: 1 | SISIS Vormerkungen Migrationsjahr: 0 | SISIS Aufnahmedatum: 2021-07-05</subfield>
    <subfield code="N">Sigel: Bi 10 | Fernleihkonditionen: 0</subfield>
    <subfield code="a">2317935550006450</subfield>
    <subfield code="c">ODR Sieg</subfield>
    <subfield code="S">FB4Soz-5556</subfield>
    <subfield code="B">21MCB-724</subfield>
    <subfield code="W">2022-07-14 19:04:54 Europe/Berlin</subfield>
    <subfield code="u">40</subfield>
    <subfield code="w">40</subfield>
  </datafield>
  <datafield tag="ITM" ind1=" " ind2=" ">
    <subfield code="H">2224469390006450</subfield>
    <subfield code="x">CB_FreiE-1</subfield>
    <subfield code="f">BOOK</subfield>
    <subfield code="v">CB_FreiE-1</subfield>
    <subfield code="p">ZZZ</subfield>
    <subfield code="X">System</subfield>
    <subfield code="U">2022-07-12 12:59:00 Europe/Berlin</subfield>
    <subfield code="Y">2023-07-19 15:55:15 Europe/Berlin</subfield>
    <subfield code="h">false</subfield>
    <subfield code="G">1</subfield>
    <subfield code="M">49HBZ_HBI</subfield>
    <subfield code="s">0</subfield>
    <subfield code="d">8</subfield>
    <subfield code="V">import</subfield>
    <subfield code="L">Systematik: 0 | HBZ01: HT020919504 | Keine Beilagen: 1</subfield>
    <subfield code="b">211230</subfield>
    <subfield code="O">SISIS Ausleihen insgesamt: 2 | SISIS Vormerkungen Migrationsjahr: 0 | SISIS Aufnahmedatum: 2021-07-05</subfield>
    <subfield code="N">Sigel: Bi 10 | Fernleihkonditionen: 0</subfield>
    <subfield code="a">2317935560006450</subfield>
    <subfield code="c">ODR Sieg</subfield>
    <subfield code="r">LOAN</subfield>
    <subfield code="S">FB4Soz-5556</subfield>
    <subfield code="B">21MCB-723</subfield>
    <subfield code="W">2022-07-14 19:04:54 Europe/Berlin</subfield>
    <subfield code="u">40</subfield>
    <subfield code="w">40</subfield>
  </datafield>
  <datafield tag="ITM" ind1=" " ind2=" ">
    <subfield code="H">2224469390006450</subfield>
    <subfield code="x">CB_FreiE-1</subfield>
    <subfield code="f">BOOK</subfield>
    <subfield code="v">CB_FreiE-1</subfield>
    <subfield code="p">ZZZ</subfield>
    <subfield code="X">1000984</subfield>
    <subfield code="U">2022-07-12 12:59:00 Europe/Berlin</subfield>
    <subfield code="Y">2022-11-29 13:01:13 Europe/Berlin</subfield>
    <subfield code="h">false</subfield>
    <subfield code="G">1</subfield>
    <subfield code="M">49HBZ_HBI</subfield>
    <subfield code="s">1</subfield>
    <subfield code="d">8</subfield>
    <subfield code="V">import</subfield>
    <subfield code="L">Systematik: 0 | HBZ01: HT020919504 | Keine Beilagen: 1</subfield>
    <subfield code="b">211229</subfield>
    <subfield code="O">SISIS Ausleihen insgesamt: 1 | SISIS Vormerkungen Migrationsjahr: 1 | SISIS Aufnahmedatum: 2021-07-05</subfield>
    <subfield code="N">Sigel: Bi 10 | Fernleihkonditionen: 0</subfield>
    <subfield code="a">2317935570006450</subfield>
    <subfield code="c">ODR Sieg</subfield>
    <subfield code="S">FB4Soz-5556</subfield>
    <subfield code="B">21MCB-722</subfield>
    <subfield code="W">2022-07-14 19:04:54 Europe/Berlin</subfield>
    <subfield code="u">40</subfield>
    <subfield code="w">40</subfield>
  </datafield>
  <datafield tag="H52" ind1="0" ind2=" ">
    <subfield code="b">R5001</subfield>
    <subfield code="c">X0001</subfield>
    <subfield code="h">MS 6020 0028</subfield>
    <subfield code="8">2213341970007824</subfield>
  </datafield>
  <datafield tag="HOL" ind1=" " ind2=" ">
    <subfield code="d">2023-05-26 06:21:15</subfield>
    <subfield code="8">2213341970007824</subfield>
    <subfield code="b">2023-05-26 06:21:15</subfield>
    <subfield code="M">49HBZ_BRIDGE_HWG</subfield>
    <subfield code="g">false</subfield>
    <subfield code="a">System</subfield>
    <subfield code="c">System</subfield>
  </datafield>
  <datafield tag="ITM" ind1=" " ind2=" ">
    <subfield code="H">2213341970007824</subfield>
    <subfield code="x">X0001</subfield>
    <subfield code="f">BOOK</subfield>
    <subfield code="v">X0001</subfield>
    <subfield code="p">00</subfield>
    <subfield code="X">System</subfield>
    <subfield code="Y">2021-05-31 02:00:00 Europe/Berlin</subfield>
    <subfield code="n">MS 6020 0028</subfield>
    <subfield code="M">49HBZ_BRIDGE_HWG</subfield>
    <subfield code="s">1</subfield>
    <subfield code="d">0</subfield>
    <subfield code="V">System</subfield>
    <subfield code="b">622040</subfield>
    <subfield code="a">2313341950007824</subfield>
    <subfield code="c">MS 6020 0028</subfield>
    <subfield code="B">2021/0554</subfield>
    <subfield code="D">20210629</subfield>
    <subfield code="W">2023-05-26 08:21:15 Europe/Berlin</subfield>
    <subfield code="u">R5001</subfield>
    <subfield code="w">R5001</subfield>
  </datafield>
  <datafield tag="H52" ind1="#" ind2=" ">
    <subfield code="b">ZE</subfield>
    <subfield code="c">ZE-Bib</subfield>
    <subfield code="h">15.09 SIEG 2021.01</subfield>
    <subfield code="8">22299339000006467</subfield>
  </datafield>
  <datafield tag="HOL" ind1=" " ind2=" ">
    <subfield code="b">2023-07-24 11:11:02</subfield>
    <subfield code="8">22299339000006467</subfield>
    <subfield code="M">49HBZ_ULB</subfield>
    <subfield code="g">false</subfield>
    <subfield code="a">import</subfield>
  </datafield>
  <datafield tag="ITM" ind1=" " ind2=" ">
    <subfield code="H">22299339000006467</subfield>
    <subfield code="x">ZE-Bib</subfield>
    <subfield code="f">BOOK</subfield>
    <subfield code="v">ZE-Bib</subfield>
    <subfield code="X">AMO_TL2_FIX</subfield>
    <subfield code="U">2023-07-23 12:59:00 Europe/Berlin</subfield>
    <subfield code="Y">2023-07-25 08:01:39 Europe/Berlin</subfield>
    <subfield code="h">false</subfield>
    <subfield code="n">15.09 SIEG 2021.01</subfield>
    <subfield code="G">1</subfield>
    <subfield code="M">49HBZ_ULB</subfield>
    <subfield code="s">1</subfield>
    <subfield code="d">#</subfield>
    <subfield code="V">import</subfield>
    <subfield code="L">2022/033</subfield>
    <subfield code="b">ZE-202720</subfield>
    <subfield code="O">SISIS-Ausleihzähler Migrationsjahr: 0 | SISIS-Ausleihzähler Vor-Migrationsjahr: 0 | SISIS-Ausleihzähler vorletztes Migrationsjahr: 0 | SISIS-Vormerkzähler Migrationsjahr: 0 | SISIS-Buchdaten-Aufnahmedatum: 2022-03-02</subfield>
    <subfield code="N">SISIS-ULBSystematik: 0 | SISIS-Magazindrucker: 0 | SISIS-Fernleihkonditionen: 3 | SISIS-Medientyp: 0 | Sigel: Bo 404 | SISIS-Entleihbarkeit: X | SISIS-Zweigstelle: 150</subfield>
    <subfield code="a">23299338990006467</subfield>
    <subfield code="c">15.09 SIEG 2021.01</subfield>
    <subfield code="W">2023-07-24 13:11:02 Europe/Berlin</subfield>
    <subfield code="u">ZE</subfield>
    <subfield code="w">ZE</subfield>
  </datafield>
  <datafield tag="H52" ind1="8" ind2=" ">
    <subfield code="b">UB_BI</subfield>
    <subfield code="c">23_Mono</subfield>
    <subfield code="h">RQ240 S571</subfield>
    <subfield code="8">22349730140006442</subfield>
  </datafield>
  <datafield tag="HOL" ind1=" " ind2=" ">
    <subfield code="d">2023-01-16 09:15:39</subfield>
    <subfield code="8">22349730140006442</subfield>
    <subfield code="b">2023-01-09 12:44:36</subfield>
    <subfield code="M">49HBZ_BIE</subfield>
    <subfield code="g">false</subfield>
    <subfield code="a">vfuhs</subfield>
    <subfield code="c">baecker</subfield>
  </datafield>
  <datafield tag="ITM" ind1=" " ind2=" ">
    <subfield code="H">22349730140006442</subfield>
    <subfield code="x">23_Mono</subfield>
    <subfield code="f">BOOK</subfield>
    <subfield code="v">23_Mono</subfield>
    <subfield code="p">item_08</subfield>
    <subfield code="X">ckuhlmann</subfield>
    <subfield code="U">2023-01-09 13:44:48 Europe/Berlin</subfield>
    <subfield code="Y">2023-01-27 07:59:28 Europe/Berlin</subfield>
    <subfield code="h">false</subfield>
    <subfield code="M">49HBZ_BIE</subfield>
    <subfield code="s">1</subfield>
    <subfield code="d">8</subfield>
    <subfield code="V">Acquisition (PO line BIE-27296)</subfield>
    <subfield code="b">UBBI-00063034</subfield>
    <subfield code="a">23349409990006442</subfield>
    <subfield code="c">RQ240 S571</subfield>
    <subfield code="S">BIE-27296</subfield>
    <subfield code="W">2022-12-28 18:39:57 Europe/Berlin</subfield>
    <subfield code="u">UB_BI</subfield>
    <subfield code="w">UB_BI</subfield>
  </datafield>
  <datafield tag="H52" ind1="8" ind2=" ">
    <subfield code="b">D0001</subfield>
    <subfield code="c">D01</subfield>
    <subfield code="h">ORU4244</subfield>
    <subfield code="8">22448803460006446</subfield>
  </datafield>
  <datafield tag="HOL" ind1=" " ind2=" ">
    <subfield code="d">2021-10-11 12:39:43</subfield>
    <subfield code="8">22448803460006446</subfield>
    <subfield code="b">2021-09-30 20:06:17</subfield>
    <subfield code="M">49HBZ_UDE</subfield>
    <subfield code="g">false</subfield>
    <subfield code="a">Acquisition (PO line UB21-5137)</subfield>
    <subfield code="c">exl_api</subfield>
  </datafield>
  <datafield tag="ITM" ind1=" " ind2=" ">
    <subfield code="H">22448803460006446</subfield>
    <subfield code="x">D01</subfield>
    <subfield code="f">BOOK</subfield>
    <subfield code="v">D01</subfield>
    <subfield code="X">7824357250006446</subfield>
    <subfield code="U">2021-10-11 08:51:55 Europe/Berlin</subfield>
    <subfield code="Y">2023-08-22 12:16:35 Europe/Berlin</subfield>
    <subfield code="n">ORU4244</subfield>
    <subfield code="P">06</subfield>
    <subfield code="Q">SO</subfield>
    <subfield code="M">49HBZ_UDE</subfield>
    <subfield code="s">1</subfield>
    <subfield code="d">8</subfield>
    <subfield code="V">Acquisition (PO line UB21-5137)</subfield>
    <subfield code="b">DE00736175</subfield>
    <subfield code="a">23448803450006446</subfield>
    <subfield code="t">8</subfield>
    <subfield code="c">ORU4244</subfield>
    <subfield code="S">UB21-5137</subfield>
    <subfield code="K">Striche am Buchschnitt</subfield>
    <subfield code="W">2021-09-30 22:06:17 Europe/Berlin</subfield>
    <subfield code="u">D0001</subfield>
    <subfield code="w">D0001</subfield>
  </datafield>
  <datafield tag="H52" ind1="8" ind2=" ">
    <subfield code="b">MEGT</subfield>
    <subfield code="c">MEGT_BIBEG</subfield>
    <subfield code="h">31 u S 1698</subfield>
    <subfield code="8">22545591710006449</subfield>
  </datafield>
  <datafield tag="HOL" ind1=" " ind2=" ">
    <subfield code="b">2022-07-11 10:44:34</subfield>
    <subfield code="8">22545591710006449</subfield>
    <subfield code="M">49HBZ_ULM</subfield>
    <subfield code="g">false</subfield>
    <subfield code="a">import</subfield>
  </datafield>
  <datafield tag="ITM" ind1=" " ind2=" ">
    <subfield code="H">22545591710006449</subfield>
    <subfield code="x">MEGT_BIBEG</subfield>
    <subfield code="f">BOOK</subfield>
    <subfield code="v">MEGT_BIBEG</subfield>
    <subfield code="X">AMO_TL2_FIX</subfield>
    <subfield code="U">2022-07-10 12:59:00 Europe/Berlin</subfield>
    <subfield code="Y">2022-07-12 13:10:54 Europe/Berlin</subfield>
    <subfield code="h">false</subfield>
    <subfield code="Q">SISIS-Ausleihzähler Migrationsjahr: 0 | SISIS-Ausleihzähler Vor-Migrationsjahr: 0 | SISIS-Ausleihzähler vorletztes Migrationsjahr: 0</subfield>
    <subfield code="M">49HBZ_ULM</subfield>
    <subfield code="s">1</subfield>
    <subfield code="d">8</subfield>
    <subfield code="V">import</subfield>
    <subfield code="b">Z75-040987</subfield>
    <subfield code="O">Fernleihkonditionen: 3</subfield>
    <subfield code="a">23545591700006449</subfield>
    <subfield code="R">DBS-Systematik: 0</subfield>
    <subfield code="c">31 u S 1698</subfield>
    <subfield code="W">2022-07-11 12:44:34 Europe/Berlin</subfield>
    <subfield code="u">MEGT</subfield>
    <subfield code="w">MEGT</subfield>
  </datafield>
  <datafield tag="H52" ind1="8" ind2=" ">
    <subfield code="b">KOELN</subfield>
    <subfield code="c">NCA_LS</subfield>
    <subfield code="h">2021 A 1330</subfield>
    <subfield code="8">22124753840006472</subfield>
  </datafield>
  <datafield tag="HOL" ind1=" " ind2=" ">
    <subfield code="b">2023-08-10 12:36:01</subfield>
    <subfield code="8">22124753840006472</subfield>
    <subfield code="M">49HBZ_ZBM</subfield>
    <subfield code="g">false</subfield>
    <subfield code="a">import</subfield>
  </datafield>
  <datafield tag="ITM" ind1=" " ind2=" ">
    <subfield code="H">22124753840006472</subfield>
    <subfield code="x">NCA_LS</subfield>
    <subfield code="f">BOOK</subfield>
    <subfield code="v">NCA_LS</subfield>
    <subfield code="p">S</subfield>
    <subfield code="X">System</subfield>
    <subfield code="U">2023-08-10 12:59:00 Europe/Berlin</subfield>
    <subfield code="Y">2023-08-15 21:04:17 Europe/Berlin</subfield>
    <subfield code="h">false</subfield>
    <subfield code="G">1</subfield>
    <subfield code="M">49HBZ_ZBM</subfield>
    <subfield code="s">1</subfield>
    <subfield code="d">8</subfield>
    <subfield code="V">import</subfield>
    <subfield code="L">Klassifikation: 0</subfield>
    <subfield code="b">4354627-01</subfield>
    <subfield code="O">HBZ01: HT020919504 | SISIS-Buchdaten-Aufnahmedatum: 2021-11-08 | Fernleihkonditionen: 0 | Sigel: 38 M | SISIS-Magazindrucker: 0</subfield>
    <subfield code="N">SISIS-Ausleihzähler Migrationsjahr: 0 | SISIS-Ausleihzähler Vor-Migrationsjahr: 0 | SISIS-Ausleihzähler vorletztes Migrationsjahr: 0 | SISIS-Vormerkzähler Migrationsjahr: 0</subfield>
    <subfield code="a">23124753830006472</subfield>
    <subfield code="c">2021 A 1330</subfield>
    <subfield code="W">2023-08-10 14:36:01 Europe/Berlin</subfield>
    <subfield code="u">KOELN</subfield>
    <subfield code="w">KOELN</subfield>
  </datafield>
  <datafield tag="GSI" ind1="7" ind2=" ">
    <subfield code="a">http://d-nb.info/gnd/4181939-1</subfield>
    <subfield code="2">uri</subfield>
    <subfield code="A">GND</subfield>
    <subfield code="B">GND-04181939X</subfield>
    <subfield code="C">024</subfield>
  </datafield>
  <datafield tag="GST" ind1=" " ind2=" ">
    <subfield code="a">Gesundheit</subfield>
    <subfield code="x">Politik</subfield>
    <subfield code="A">GND</subfield>
    <subfield code="B">GND-041137434</subfield>
    <subfield code="C">450</subfield>
  </datafield>
  <datafield tag="GSI" ind1="7" ind2=" ">
    <subfield code="a">4113743-7</subfield>
    <subfield code="0">http://d-nb.info/gnd/4113743-7</subfield>
    <subfield code="2">gnd</subfield>
    <subfield code="A">GND</subfield>
    <subfield code="B">GND-041137434</subfield>
    <subfield code="C">024</subfield>
  </datafield>
  <datafield tag="GST" ind1=" " ind2=" ">
    <subfield code="a">Gesundheitsdienst</subfield>
    <subfield code="A">GND</subfield>
    <subfield code="B">GND-040207757</subfield>
    <subfield code="C">450</subfield>
  </datafield>
  <datafield tag="GST" ind1=" " ind2=" ">
    <subfield code="a">Gesundheitssystem</subfield>
    <subfield code="A">GND</subfield>
    <subfield code="B">GND-040207757</subfield>
    <subfield code="C">450</subfield>
  </datafield>
  <datafield tag="GST" ind1=" " ind2=" ">
    <subfield code="a">Gesundheitswirtschaft</subfield>
    <subfield code="9">v:Quasisynonym</subfield>
    <subfield code="A">GND</subfield>
    <subfield code="B">GND-040207757</subfield>
    <subfield code="C">450</subfield>
  </datafield>
  <datafield tag="GST" ind1=" " ind2=" ">
    <subfield code="a">Medizinalwesen</subfield>
    <subfield code="A">GND</subfield>
    <subfield code="B">GND-040207757</subfield>
    <subfield code="C">450</subfield>
  </datafield>
  <datafield tag="GST" ind1=" " ind2=" ">
    <subfield code="a">Medizinalsystem</subfield>
    <subfield code="A">GND</subfield>
    <subfield code="B">GND-040207757</subfield>
    <subfield code="C">450</subfield>
  </datafield>
  <datafield tag="GSI" ind1="7" ind2=" ">
    <subfield code="a">4020775-4</subfield>
    <subfield code="0">http://d-nb.info/gnd/4020775-4</subfield>
    <subfield code="2">gnd</subfield>
    <subfield code="A">GND</subfield>
    <subfield code="B">GND-040207757</subfield>
    <subfield code="C">024</subfield>
  </datafield>
  <datafield tag="GST" ind1=" " ind2=" ">
    <subfield code="a">Methexis</subfield>
    <subfield code="A">GND</subfield>
    <subfield code="B">GND-041346815</subfield>
    <subfield code="C">450</subfield>
  </datafield>
  <datafield tag="GST" ind1=" " ind2=" ">
    <subfield code="a">Partizipation</subfield>
    <subfield code="g">Philosophie</subfield>
    <subfield code="A">GND</subfield>
    <subfield code="B">GND-041346815</subfield>
    <subfield code="C">450</subfield>
  </datafield>
  <datafield tag="GSI" ind1="7" ind2=" ">
    <subfield code="a">4134681-6</subfield>
    <subfield code="0">http://d-nb.info/gnd/4134681-6</subfield>
    <subfield code="2">gnd</subfield>
    <subfield code="A">GND</subfield>
    <subfield code="B">GND-041346815</subfield>
    <subfield code="C">024</subfield>
  </datafield>
  <datafield tag="GST" ind1=" " ind2=" ">
    <subfield code="a">Gesundheitsstatus</subfield>
    <subfield code="A">GND</subfield>
    <subfield code="B">GND-040207544</subfield>
    <subfield code="C">450</subfield>
  </datafield>
  <datafield tag="GST" ind1=" " ind2=" ">
    <subfield code="a">Gesundheitszustand</subfield>
    <subfield code="A">GND</subfield>
    <subfield code="B">GND-040207544</subfield>
    <subfield code="C">450</subfield>
  </datafield>
  <datafield tag="GSI" ind1="7" ind2=" ">
    <subfield code="a">4020754-7</subfield>
    <subfield code="0">http://d-nb.info/gnd/4020754-7</subfield>
    <subfield code="2">gnd</subfield>
    <subfield code="A">GND</subfield>
    <subfield code="B">GND-040207544</subfield>
    <subfield code="C">024</subfield>
  </datafield>
  <datafield tag="GST" ind1=" " ind2=" ">
    <subfield code="a">Gesellschaftliche Ungleichheit</subfield>
    <subfield code="A">GND</subfield>
    <subfield code="B">GND-040557367</subfield>
    <subfield code="C">450</subfield>
  </datafield>
  <datafield tag="GST" ind1=" " ind2=" ">
    <subfield code="a">Sozialer Unterschied</subfield>
    <subfield code="A">GND</subfield>
    <subfield code="B">GND-040557367</subfield>
    <subfield code="C">450</subfield>
  </datafield>
  <datafield tag="GST" ind1=" " ind2=" ">
    <subfield code="a">Soziale Differenz</subfield>
    <subfield code="A">GND</subfield>
    <subfield code="B">GND-040557367</subfield>
    <subfield code="C">450</subfield>
  </datafield>
  <datafield tag="GSI" ind1="7" ind2=" ">
    <subfield code="a">4055736-4</subfield>
    <subfield code="0">http://d-nb.info/gnd/4055736-4</subfield>
    <subfield code="2">gnd</subfield>
    <subfield code="A">GND</subfield>
    <subfield code="B">GND-040557367</subfield>
    <subfield code="C">024</subfield>
  </datafield>
  <datafield tag="GPN" ind1="1" ind2=" ">
    <subfield code="a">Siegrist-Hendel-Kramer, ...</subfield>
    <subfield code="d">1943-</subfield>
    <subfield code="A">GND</subfield>
    <subfield code="B">GND-123688957</subfield>
    <subfield code="C">400</subfield>
  </datafield>
  <datafield tag="GPN" ind1="1" ind2=" ">
    <subfield code="a">Siegrist, J.</subfield>
    <subfield code="d">1943-</subfield>
    <subfield code="A">GND</subfield>
    <subfield code="B">GND-123688957</subfield>
    <subfield code="C">400</subfield>
  </datafield>
  <datafield tag="GSI" ind1="7" ind2=" ">
    <subfield code="a">123688957</subfield>
    <subfield code="0">http://d-nb.info/gnd/123688957</subfield>
    <subfield code="2">gnd</subfield>
    <subfield code="A">GND</subfield>
    <subfield code="B">GND-123688957</subfield>
    <subfield code="C">024</subfield>
  </datafield>
  <datafield tag="GSI" ind1="7" ind2=" ">
    <subfield code="a">0000-0002-7530-4178</subfield>
    <subfield code="9">v:Herkunft: cg001</subfield>
    <subfield code="2">orcid</subfield>
    <subfield code="A">GND</subfield>
    <subfield code="B">GND-123688957</subfield>
    <subfield code="C">024</subfield>
  </datafield>
</record>
